@misc{mckenna_openseesmp_2008,
  type = {{{OpenSees Parallel Workshop}}},
  title = {{{OpenSeesMP}}},
  author = {McKenna, Frank},
  year = {2008},
  address = {{Berkeley, CA}},
}

@techreport{mckenna_using_2008,
  type = {{{NEESit Report}}},
  title = {Using the {{OpenSees}} Interpreter on Parallel Computers},
  author = {McKenna, Frank and Fenves, Gregory L},
  year = {2008},
  number = {TN-2007-16},
  address = {{Berkeley, CA}},
  institution = {{University of California, Berkeley}},
}

